@book{jsds,
    title =     {近世代数引论},
    author =    {冯克勤 and 李尚志 and 章璞},
    publisher = {中国科学技术大学出版社},
    isbn =      {9787312022920; 7312022928},
    year =      {2009},
    edition =   {4},
},
@book{fkqdssl,
    title =     {代数数论},
    author =    {冯克勤},
    publisher = {科学出版社},
    isbn =      {7030081900; 9787030081902},
    year =      {2000},
},
